
@IEEEtranBSTCTL{myctlfullname,
   CTLname_format_string = "{ff~}{vv~}{ll}{, jj}"
 }


@book{book::Alfio,
         author= "Formaggia L.{,} Quarteroni A.{,} Veneziani A. (Eds) ",
         title= "Cardiovascular {M}athematics. {M}odeling and {S}imulation of the {c}irculatory {S}ystem",
         series = "MS \& A",
         publisher= "Springer-Verlag",
         address = "Berlin Heidelberg",
         year= "2009"
}

@book{book::burden,
         author= "Murray J.L.{,} Lopez A.D. ",
         title= "The {G}lobal {B}urden of {D}isease",
         series = "The {G}lobal {B}urden of {D}isease and {I}njury {S}eries",
         publisher= "Harvard {U}niversity Press",
         address = "Cambridge",
         year= "1996"
}

@book{book::Bonet,
         author= "Bonet J.{,} Wood R.D. ",
         title= "Nonlinear {C}ontinuum {M}echanics for {F}inite {E}lement {A}nalysis",
         publisher= "Cambridge University Press",
         address = "Cambridge",
         year= "1997"
}

@book{book::dacorogna,
         author= "Dacorogna B. ",
         title= "Direct {M}ethods in the {C}alculus of {V}ariations",
         series = "Applied {M}athematical {S}cience",
         volume ="78",
         publisher= "Springer",
         address = "New York",
         year= "2000"
}

@book{book::DesignPattern,
         author= "Gamma E.{,} Helm R.{,} Johnson R.{,} Vlissides J.",
         title= "Design {P}atterns. {E}lements of {R}eusable {O}bject-{O}riented {S}oftware",
         publisher= "Addison-Wesley",
         address = "New York",
         year= "1995"
}

@book{book::mardenHughes,
         author= "Marsden J.E.{,} Hughes J.R. ",
         title= "Mathematical {F}oundations of {E}lasticity",
         publisher= "Prentica-Hall",
         address = "Englewood Cliffs",
         year= "1983"
}

@book{book::ciarlet22,
         author= "Ciarlet P.G.",
         title= "Mathematical {E}lasticity, {V}olume 1: {T}hree {D}imensional {E}lasticity",
         publisher= "Elsevier {S}cience {P}ublishers",
         address = "North-Holland",
         year= "1988"
}

@book{book::HolzapfelOdgen2006,
         author= "Holzapfel G.A.{,} Odgen R.W.",
         title= "Mechanics of {B}iological {T}issue",
         publisher= "Springer-Verlag",
         address = "Heidelberg",
         year= "2006"
}

@incollection{book::ball4,
   author  = "Ball J.M.",
   title   = "Constitutive inequalities and existence theorems in nonlinear elastostatics",
   editor = "Knowps R.J.",
   booktitle = "Nonlinear {A}nalysis and {M}echanics",
   series = "Heriot-Watt {S}ympsium",
   volume ="1",
   publisher= "Pitman",
   year    = "1997"
}

@incollection{book::Rodhin,
   author  = "Rhodin J.A.G.",
   title   = "Architecture of the vessel wall.",
   editor = "Sparks H.V.{,} Bohr D.F.{,} Somlyo A.D.{,} Geiger S.R.",
   booktitle = "Handbook of {P}hysiology, {T}he {C}ardiovascular {S}ystem",
   volume ="2",
   publisher= "American Physiologial Society",
   address= "Bethesda ",
   year    = "1980"
}

@book{book::Aneurysms,
         author= "McGloughlin T. (Ed)",
         title= "Biomechanics and {M}echanobiology of {A}neurysms",
         series = "Studies in {M}echanobiology, {T}issue {E}ngineering and {B}iomaterials",
         volume ="7",
         publisher= "Springer-Verlag",
         address = "Heidelberg",
         year= "2011"
}

@book{book::Callen,
         author= "Callen H.B. ",
         title= "Thermodynamics and an {I}ntroduction to {T}hermostatistics",
         publisher= "John Wiley \& Sons",
         address = "New York",
         year= "1985"
}


@book{book::LinearAlgebra,
         author= "Lang S.",
         title= "Linear {A}lgebra",
         publisher= "Addison-Wesley",
         address = "Massachussets",
         year= "1968"
}

@book{book::Taber,
         author= "Taber L.A. ",
         title= "Nonlinear {T}heory of {E}lasticity {-} {A}pplications in {B}iomechanics",
         publisher= "World {S}cientific Publishing Co. Pte. Ltd.",
         address = "River Edge, New Jersey",
         year= "2004"
}

@book{book::Truesdell,
  title="The {C}lassical {F}ield {T}heories",
  author="Truesdell C.{,} Toupin R.",
  year="1960",
  address = "Berlin Heidelberg",
  publisher="Springer"
}

@book{book::TruesdellTwo,
     title="Rational {T}hermodynamics",
     author="Truesdell C.",
     year="1969",
     address = "New York",
     publisher="McGraw-Hill"
}

@book{book::AlfioDD,
         author= "Quarteroni A.{,} Valli A.",
         title= "Domain {D}ecomposition {M}ethods for {P}artial {D}ifferential {E}quations",
         publisher= "Oxford University Press",
         address="Oxford",
         year= "1999"
}

@book{book::AlfioValli,
         author= "Quarteroni A.{,} Valli A.",
         title= "Numerical {A}pproximation of {P}artial {D}ifferential {E}quations",
         publisher= "Springer-Verlag",
         address= "Berlin Heidelberg",
         year= "1999"
}

@book{book::QSS00,
         author= "Quarteroni A.{,} Sacco R.{,} Saleri F.",
         title= "Numerical {M}athematics",
         publisher= "Springer",
         address= "Berlin Heidelberg",
         year= "2007"
}

@book{book::GraceYoung40,
         author= "Grace J.H.{,} Young A.",
         title= "The {A}lgebra of {I}nvariants",
         publisher= "Cambridge University Press",
         address= "",
         year= "1903"
}


@book{book::Elliot30,
         author= "Elliot E.B.",
         title= "{A}lgebra of {Q}uantics",
         publisher= "Oxford University Press",
         address= "Oxford",
         year= "1913"
}

@book{book::Weyl141,
         author= "Weyl H.",
         title= "The {C}lassical {G}roups",
         publisher= "Princeton University Press",
         address= "Princeton",
         year= "1939"
}

@book{book::Gurevich42,
         author= "Gurevich G.B.",
         title= "Foundations of the {T}heory of {A}lgebraic {I}nvariants",
         publisher= "Noordhoff",
         address= "Groningen",
         year= "1964"
}

@incollection{chapter::Brezzi,
         author= {Auricchio F.{,} Brezzi F.{,} Lovadina C.},
         title= {Mixed {F}inite {E}lements {M}ethods},
         booktitle={Encyclopedia of Computational Mechanics},
         publisher= {Wiley Online Library},
         year= {2004}
}

@book{book::Holzapfel2000,
         author= "Holzapfel G.A. ",
         title= "Nonlinear {S}olid {M}echanics: a {C}ontinuum {A}pproach for {E}ngineering",
         publisher= "John {W}iley \& {S}ons Ltd",
         address=" England",
         year= "2000"
}

@book{book::McDonald,
         author= "Nichols W.W.{,} O'Rourke M.F.",
         title= "Mc{D}onald's {B}lood {F}low in {A}rteries: {T}heoretical, {E}xperimental, and {C}linical {P}rinciples",
         publisher= "Arnold",
         address = "London",
         year= "1998"
}

@book{book::Fung,
         author= "Fung Y.C.",
         title= "Biomechanics. {M}echanical {P}roperties of {L}iving {T}issues.",
         publisher= "Springer",
         address = "New York",
         year= "1993"
}

@book{book::Spencer1971,
         author= "Spencer A.J.M. ",
         title= "Theory of {I}nvariants",
         publisher= "Academic Press",
         year= "1971"
}

@inbook{book::Spencer,
         author= "Spencer A.J.M. ",
         chapter= "Constitutive {T}heory of {S}trongly {A}nisotropic {S}olids",
         crossref = "spencerBook"
}


@book{spencerBook,
         author= "Spencer A.J.M. ",
         title= "Continuum {T}heory of the {M}echanics of {F}ibre-{R}einforced {C}omposites, {CISM} {C}ourses and {L}ectures",
         publisher= "Springer-Verlag",
         address="Wien",
         year= "1984"
}

@inbook{paper::SeriesHolzapfel,
         author= "Holzapfel G.A. ",
         chapter= "Arterial tissue in healthy and disease: {E}xperimental data, collagen-based modeling and simulation, including aortic dissection",
         crossref = "HolziGasser2009"
}


@book{HolziGasser2009,
         author= "Holapfel G.A.{,} Odgen R.W. (Eds.)",
         title= "Biomechanical {M}odelling at the {M}olecular, {C}ellular and {T}issue {L}evels, {CISM} {C}ourses and {L}ectures",
         publisher= "Springer",
         address="Wien, New York",
         year= "2009"
}

@incollection{chapter::Rheology,
   author  = "Robertson A.M.{,} S{\'e}queira A.{,} Kameneva M.V.",
   title   = "Hemorheology",
   editor="Galdi G.P.{,} Rannacher R.{,} Robertson A.M.{,} Turek S.",
   booktitle = "Hemodynamical Flows",
   series = "Oberwolfach Seminars",
   volume ="37",
   pages = "63-120",
   publisher= "Springer-Verlag",
   address= "Basel",
   year    = "2008"
}

@incollection{paper::RobertsonHillDalong,
   author  = "Robertson A.M.{,} Hill M.R.{,} Dalong L.",
   title   = "Structurally motivated damage models for arterial walls. {T}heory and application",
   editor= "Formaggia L.{,} Quarteroni A.{,} Veneziani A. (Eds) ",
   booktitle= "Cardiovascular {M}athematics. {M}odeling and {S}imulation of the {S}irculatory {S}ystem",
   series = "MS\&A",
   volume ="1",
   pages   = "143-187",
   publisher= "Springer-Verlag",
   address= "Milano",
   year    = "2009"
}


@book{paper::Rajagopal,
   author  = "Rajagopal K.R.{,} Tao L.",
   title   = "Mechanics of Mixture",
   series = "Series on {A}dvances in {M}athematics for {A}pplied {S}ciences",
   volume ="35",
   publisher= "World Scientific",
   year    = "1995"
}

@book{book::MixtureTheory1,
   author  = "Truesdell C.{,} Noll W.",
   title   = "The {N}onlinear {F}ield {T}heories of {M}echanics",
   publisher= "Springer-Verlag",
   address= "Berlin Heidelberg New York",
   year    = "1965"
}

@book{book::Gurtin,
   author= "Gurtin M.E. ",
   title= "An {I}ntroduction to {C}ontinuum {M}echanics",
   series = "Mathematics in {S}cience and {E}ngineering",
   volume ="158",
   publisher= "Academic Press",
   address = "New York",
   year= "1981"
}



@incollection{paper::Gummert,
   author  = "Gummert P.R.",
   editor="Altenbach H.{,} Skrzypek J.J.",
   booktitle = "Creep and {D}amage in {M}aterials and {S}tructures, {C}ourses and {L}ectures of {CISM}.",
   title   = "General Constitutive equations for simple and non-simple materials",
   pages = "1-42",
   publisher= "Springer",
   address= "Italia",
   year    = "1999"
}


@book{book::HumphreyRemodel,
         author= "Humphrey J.D. ",
         title= "Cardiovascular {S}olid {M}echanics. {C}ells, {T}issues, and {O}rgans",
         publisher= "Springer-Verlag",
         address="New {Y}ork",
         year= "2002"
}

@book{book::Hughes,
         author= "Hughes T.J.R.",
         title= "The {F}inite {E}lement {M}ethod: {L}iner {S}tatic and {D}ynamic {F}inite {E}lement {A}nalysis",
         publisher= "Dover Publications",
         address = "New York",
         year= "2000"
}

@book{book::ZZZZ,
         author= "Zienkiewicz O.C.{,} Taylor R.L.{,} Fox D.D.",
         title= "The {F}inite {E}lement {M}ethod for {S}olid and {S}tructural {M}echanics 7th {E}dition" ,
         publisher= "Butter-Heinmann",
         address = "Oxford",
         year= "2000"
}

@book{book::igaHughes,
         author= "Cottrell J.A.{,} HughesT.J.R.{,} Bazilevs Y.",
         title= "Isogeometric {A}nalysis. {T}oward {I}ntegration of {CAD} and {FEA}",
         publisher= "John Wiley \& Sons",
         address = "New York",
         year= "2009"
}

@book{paper::Skrzypek,
   author  = "Skrzypek J.{,} Ganczarski A.",
   title   = "Modeling of {M}aterial {D}amage and {F}ailure of {S}tructures",
   publisher= "Springer-Verlag",
   address= "Berlin Heidelberg",
   year    = "1999"
}

@incollection{paper::Nagdi,
   author  = "Naghdi P.M.",
   booktitle = "Handbuch der {P}hysick. Mechanics of {S}olids.",
   title   = "The {T}heory of {S}hells and {P}lates",
   volume = "2",
   publisher= "Springer",
   address= "Berlin Heidelberg New York",
   year    = "1984"
}

@book{book::Odgen1997,
   author  = "Odgen R.W.",
   title   = "Nonlinear {E}lastic {D}eformations",
   publisher= "Courier Dover Publications",
   address = "New York",
   year    = "1997"
}

@book{paper::Saad,
  title={Iterative {M}ethods for {S}parse {L}inear {S}ystems},
  author={Saad Y.},
  year={2003},
  publisher={Siam},
  address={Philadelphia}
}

@article{paper::GreenNagdi,
   author  = {Green A.E.{,} Nagdi P.M.},
   title   = {A note on invariance under superimposed rigid body motions},
   year    = {1979},
   journal = {Journal of Elasticity},
   volume  = {9},
   pages   = {1-8}
}

@article{chapter::Rheology27,
   author  = {Chien S.{,} Usami S.{,} Dellenbakc R.J.{,} Gregersen M.I.},
   title   = {Shear-dependent deformation of erythrocytes},
   year    = {1970},
   journal = {American Journal of Physiology},
   volume  = {219},
   issue  = {1},
   pages   = {136-142}
}

@article{paper::HolzapfelOdgen2009,
   author  = {Holzapfel G.A.{,} Odgen R.W.},
   title   = {Constitutive modelling of passive myocardium: a structurally based framework for material characterization},
   year    = {2009},
   journal = {Philosophical Transactions of The Royal Society A: Mathematical, Physical \& Engineering Sciences},
   volume  = {367},
   pages   = {3445-3475}
}

@article{paper::Szasz,
   author  = {Szasz T.{,} Bomfim G.F.{,} Webb R.C.},
   title   = {The influence of perivascular adipose tissue on vascular homeostasis},
   year    = {2013},
   journal = {Vascular Health and Risk Management},
   volume  = {9},
   pages   = {105-116}
}

@article{paper::AnalysisSplit,
   author  = {Sansour},
   title   = {On the physical assumptions underlying the volumetric-isochoric split and the case of anisotropy},
   year    = {2008},
   journal = {European Journal of Mechanics A/Solids},
   volume  = {27},
   pages   = {28-39}
}

@article{paper::Gundiah,
   author  = {Gundiah N.{,} Ratcliffe M.B.{,} Pruitt L.A.},
   title   = {The biomechanics of arterial elastin},
   year    = {2008},
   journal = {Journal of the Mechanical Behavior of Biomedical Materials},
   volume  = {2},
   pages   = {288-296}
}

@article{paper::Gundiah2,
   author  = {Gundiah N.{,} Ratcliffe M.B.{,} Pruitt L.A.},
   title   = {Determination of strain energy function for arterial elastin: experiments using histology and mechanical tests},
   year    = {2007},
   journal = {Journal of Biomechanics},
   volume  = {40},
   pages   = {586-594}
}

@article{paper::elastinResponse,
   author  = {Watton P.{,} Ventikos Y.{,} Holzapfel G.A.},
   title   = {Modelling the mechanical response of elastin for arterial tissue},
   year    = {2009},
   journal = {Journal of Biomechanics},
   volume  = {42},
   pages   = {1320-1325}
}

@article{paper::Takamizawa59,
   author  = {Takamizawa K.{,} Hayashi K.},
   title   = {Strain energy functions and uniform strain hypothesis for arterial mechanics},
   year    = {1987},
   journal = {Journal of Biomechanics},
   volume  = {20},
   pages   = {7-17}
}

@incollection{paper::Vanishav62,
   author  = "Vanishav R.N.{,} Vossoughi J.",
   title   = "Estimation of residual strains in aortic segments",
   editor = "Hall C.W.",
   booktitle = "Biomedical {E}ngeneering {II}: {R}ecent {D}evelopments",
   publisher= "Pergamon Press",
   address = "New York",
   pages = "330-333",
   year    = "1983"
}

@article{paper::HolzapfelBiaxial,
   author  = {Holzapfel G.A.{,} Ogden R.W.},
   title   = {On planar biaxial tests for anisotropic nonlinearly elastic solids. {A} continuum mechanical framework},
   year    = {2008},
   journal = {Mathematics and Mechanics of Solids},
   volume  = {14},
   issue   = {5},
   pages   = {474-489}
}

@article{paper::Hill46,
   author  = {Hill R.},
   title   = {On uniqueness and stability in the theory of finite elastic strain},
   year    = {1957},
   journal = {Journal of the Mehcanics and Physics of Solids},
   volume  = {5},
   pages   = {229-241}
}

@article{paper::HumphreyMechanics,
   author  = {Humphrey J.D.},
   title   = {Mechanics of arterial wall: Review and directions},
   year    = {1995},
   journal = {Critical Reviews in Biomedical Engineering},
   volume  = {23},
   pages   = {1-162}
}

@article{book::ball3,
   author  = {Ball J.M.},
   title   = {Convexity conditions and existence theorems in non-linear elasticity},
   year    = {1977},
   journal = {Archive of Rational Mechanics and Ansysis},
   volume  = {63},
   pages   = {337-403}
}

@article{paper::ColemanNoll,
   author  = {Coleman B.D.{,} Noll W.},
   title   = {On the thermostatics of continuous media},
   year    = {1959},
   journal = {Archive for Rational Mechanics and Analysis},
   volume  = {4},
   pages   = {97-128}
}

@article{paper::ChouFung,
   author  = {Chuong C.J.{,} Fung Y.C.},
   title   = {Three-dimensional stress distribution in arteries},
   year    = {1983},
   journal = {Journal of Biomechanical Engineering},
   volume  = {105},
   pages   = {268-274}
}

@article{paper::FungPseudoelasticity,
   author  = {Fung Y.C.{,} Fronek K.{,} Patitucci P.},
   title   = {Pseudo elasticity  of arteries and the choice of its mechanical expression},
   year    = {1979},
   journal = {American Journal of physiology},
   volume  = {237},
   pages   = {1340-1349}
}

@article{paper::Morrey87,
   author  = {Morrey C.B.},
   title   = {Quasi-convexity and the lower semicontinuity of multiple integrals},
   year    = {1952},
   journal = {Pacific Journal of Mathematics},
   volume  = {2},
   pages   = {25-53}
}

@article{paper::HumphreyReview2003,
   author  = {Humphrey J.D.},
   title   = {Continuum mechanics of soft biological tissues},
   year    = {2003},
   journal = {The Royal Society},
   volume  = {459},
   pages   = {3-46}
}

@article{paper::HumphreyReview1995,
   author  = {Humphrey J.D.},
   title   = {Mechanics of arterial wall: {R}eview and directions},
   year    = {1995},
   journal = {Critical {R}eviews in {B}iomedical {E}ngineering},
   volume  = {23},
   pages   = {1-162}
}

@article{paper::Deng12,
   author  = {Deng S.X.{,} Tomioka J.{,} Debes J.C.{,} Gunf Y.C.},
   title   = {New experiments on shear modulus of elasticity of arteries},
   year    = {1994},
   journal = {American Journal of Phyisiology},
   volume  = {226},
   pages   = {{H1}-{H10}}
}

@article{paper::OdgenSaccomandi,
   author  = {Odgen R.w.{,} Saccomandi G.{,} Sgura I.},
   title   = {Fitting hyperelastic models to experimental data},
   year    = {2004},
   journal = {Computational Mechanics},
   volume  = {34},
   pages   = {484-502}
}

@article{paper::Mow1980,
   author  = {Mow V.C.{,} Kuei S.C.{,} Lai W.M.{,} Armstrong C.G.},
   title   = {Biphasic creep and stress relaxation of articular cartilage in compression: theory and experiments},
   year    = {1980},
   journal = {ASME Journal of Biomechanical Engineering},
   volume  = {102},
   pages   = {73-84}
}

@article{paper::Lai1993,
   author  = {Lai W.M.{,} Mow V.C.{,} Zhu W.},
   title   = {Constitutive modelling of articular cartilage and biomacromolecular solutions},
   year    = {1993},
   journal = {ASME Journal of Biomechanical Engineering},
   volume  = {115},
   pages   = {474-480}
}

@article{paper::Taber1998,
   author  = {Taber L.A.},
   title   = {A model for aortic growth based on fluid shear and fiber stresses},
   year    = {1998},
   journal = {ASME Journal of Biomechanical Engineering},
   volume  = {120},
   pages   = {348-354}
}

@article{paper::Rachev1998,
   author  = {Rachev A.{,} Stergiopulos N.{,} Meister J.J.},
   title   = {A model for geometric and mechanical adaptation of arteries to sustained hypertension},
   year    = {1998},
   journal = {ASME Journal of Biomechanical Engineering},
   volume  = {120},
   pages   = {9-17}
}

@article{paper::Rachev,
   author  = {Rachev A.{,} Hayashi K.},
   title   = {Theoretical study of the effects of vascular smooth muscle contraction on strain and stress distributions in arteries},
   year    = {1999},
   journal = {Annals of Biomedical Engineering},
   volume  = {27},
   pages   = {459-468}
}

@article{paper::HumphreyRajagopal2002,
   author  = {Humphrey J.D.{,} Rajagopal K.R.},
   title   = {A constrained mixture model for growth and remodeling of soft tissue},
   year    = {2002},
   journal = {Mathematical Models and Methods in Applied Sciences},
   volume  = {12},
   pages   = {407-430}
}

@article{paper::Lawton1954,
   author  = {Lawton R.W.},
   title   = {The thermoelastic behavior of isolated aortic strips of the dog},
   year    = {1954},
   journal = {Circulation Research},
   volume  = {2},
   pages   = {344-353}
}

@article{paper::Flory1956,
   author  = {Flory P.J.},
   title   = {Theory of elastic mechanism in fibrous proteins},
   year    = {1956},
   journal = {Journal of American Chemical Society},
   volume  = {78},
   pages   = {5222-5235}
}

@book{book::Treloar1975,
   author  = "Treloar L.R.G.",
   title   = "The {P}hysics of {R}ubber {E}lasticity",
   year    = "1975",
   address = "Oxford",
   publisher = "Oxford University Press"
}

@book{book::Cplus,
   author  = "Bjarne Stroustrup",
   title   = "The {C++} {P}rogramming {L}anguage (4th {E}dition)",
   year    = "2013",
   address = "New-York",
   publisher = "Addison-Wesley"
}

@article{paper::HolzapfelGasser2001,
   author  = {Holapfel G.A.{,} Gasser T.C.},
   title   = {A viscoelastic model for fiber-reinforced composites at finite strains: continuum basis, computational aspects, and applications},
   year    = {2001},
   journal = {Computer Methods in Applied Mechanics and Engineering},
   volume  = {190},
   pages   = {4379-4403}
}

@article{paper::Holzapfel2002,
   author  = {Holzapfel G.A.{,} Stadler M.{,} Schulze-Bauer C.A.J.{,} },
   title   = {A structural model for the viscoelastic behavior of arterial walls: continuum formulation and finite element analysis},
   year    = {2002},
   journal = {European Journal of Mechanics - A/Solids},
   volume  = {21},
   pages   = {441-463}
}


@article{paper::SouzaNEto,
   author  = {De {S}ouza {N}eto E.A.{,} Peri{\'c} D.{,} Owen D.R.J.},
   title   = {Continuum modelling and numerical simulation of material damage at finite strains},
   year    = {1998},
   journal = {Archives of Computational Methods in Engineering},
   volume  = {5},
   pages   = {311-384}
}

@article{paper::Sommer,
   author  = {Sommer G.{,} Regitnig P.{,} K\"oltringer L.{,} Holzapfel G.A.},
   title   = {Biaxial mechanical properties of intact and layer-dissected human carotid arteries at physiological and supraphysiological loadings},
   year    = {2010},
   journal = {American Journal of Physiology. Heart and Circulatory Physiology},
   volume  = {298},
   issue   = {3},
   pages   = {898-912}
}

@article{paper::Smith117,
   author  = {Smith G.F.},
   title   = {On isotropic integrity basis},
   year    = {1965},
   journal = {Archive of Rational Mechanics and Analysis},
   volume  = {18},
   pages   = {282-292}
}

@article{paper::Kamenskiy,
   author  = {Kamenskiy A.V.{,} Dzenis Y.A.{,} MacTaggart J.N.{,} Lynch T.G.{,} Kazmi S.A.J.{,} Pipinos I.I.},
   title   = {Nonlinear mechanics behavior of the human common, external, and internal carotid arteries in vivo},
   year    = {2012},
   journal = {Journal of Surgical Research},
   volume  = {176},
   pages   = {329-336}
}

@article{paper::Monson2008,
   author  = {Kenneth L.M.{,} Barbaro N.M.{,} Manley G.T.},
   title   = {Biaxial response of passive human cerebral arteries},
   year    = {2008},
   journal = {Annals of Biomedical Engineering},
   volume  = {36},
   issue   = {12},
   pages   = {2028-2041}
}

@article{paper::Monson2013,
   author  = {Bell E.D.{,} Kunjir R.S.{,} Monson K.L.},
   title   = {Biaxial and failure properties of passive rat middle cerebral arteries},
   year    = {2013},
   journal = {Journal of Biomechanics},
   volume  = {46},
   pages   = {91-96}
}

@article{paper::Monson2006,
   author  = {Monson K.L.{,} Goldsmith W.{,} Barbaro N.M.{,} Manley G.},
   title   = {Multiaxial response of human cerebral arteries},
   year    = {},
   journal = {Journal of Biomechanics},
   volume  = {13},
   pages   = {175-179}
}


@article{paper::Hayashi,
   author  = {Hayashi K.{,} Handa H.{,} Nagasawa S.{,} Okumura A.{,} Moritake K.},
   title   = {Stiffness and elastic behavior of human intracranial and extracranial arteries},
   year    = {1980},
   journal = {Journal of Biomechanics},
   volume  = {13},
   pages   = {175-179}
}



@article{paper::least,
   author  = {Marquardt D.},
   title   = {An algorithm for {L}east-{S}quares estimation of nonlinear parameters},
   year    = {1963},
   journal = {{SIAM} - {J}ournal on {A}pplied {M}athematics},
   volume  = {2},
   issue   = {11},
   pages   = {431-441}
}

@article{paper::Ball,
   author  = {Ball J.M.},
   title   = {Convexity conditions and existence theorems in nonlinear elasticity},
   year    = {1977},
   journal = {Archive for Rational Mechanics and Analysis},
   volume  = {63},
   issue   = {4},
   pages   = {337-403}
}


@article{paper::SimoAndTaylor1991a,
   author  = {Simo J.C{,} Taylor R.L.},
   title   = {Quasi-incompressible finite elasticity in principal stretches. {C}ontinuum basis and numerical algorithms},
   year    = {1991},
   journal = {Computer {M}ethods in {A}pplied {M}echanics and {E}ngineering},
   volume  = {85},
   pages   = {273-310}
}

@article{paper::Miehe,
   author  = {Miehe C.},
   title   = {Aspects of the formulation and finite element implementation of large strain isotropic elasticity},
   year    = {1994},
   journal = {International {J}ournal of {N}umerical {M}ethods in {E}ngineering},
   volume  = {37},
   pages   = {1981-2004}
}

@article{paper::Simone,
   author  = {Rossi S.{,} Lassila T.{,} Ruiz-Baier R.{,} Sequeira A.{,} Quarteroni A.},
   title   = {Thermodinamically consistent orthotropic activation model capturing ventricular systolic wall thicknening in cardiac electromechanics},
   year    = {2013},
   note  = { in press },
   journal = {European Journal of Mechanics - A/Solids}
}

@article{paper::Flory1961,
   author  = {Flory P.J.},
   title   = {Thermodynamical relations for high elastic materials},
   year    = {1961},
   journal = {Transactions of the {F}araday {S}ociety},
   volume  = {78},
   pages   = {5222-5235}
}

@article{paper::Brown2001,
   author  = {Brown A.M.},
   title   = {A step-by-step guide to nonlinear regression analysis of experimental data using microsoft {E}xcel spreadsheet},
   year    = {2001},
   journal = {Computer {M}ethods and {P}rograms in {B}iomedicine},
   volume  = {65},
   pages   = {191-200}
}

@article{paper::Burton54,
   author  = {Burton A.C.},
   title   = {Relation of structure to function of the tissue of the wall of blood vessels.},
   year    = {1954},
   journal = {Physiological Reviews},
   volume  = {34},
   pages   = {619-642}
}

@article{paper::RoachBurton57,
   author  = {Roach M.C.{,} Burton A.C.},
   title   = {The reason for the shape of the distensibility curves of arteries.},
   year    = {1957},
   journal = {Canadian Journal of Biochemistry},
   volume  = {35},
   pages   = {681-690}
}


@article{paper::HumphreyHistopathology,
   author  = {Humphrey J.D.{,} Canham P.B.},
   title   = {Structure, mechanical properties, and mechanics of intracranial saccular aneurysms},
   year    = {2000},
   journal = {Journal of Elasticy},
   volume  = {61},
   pages   = {49-81}
}

@article{paper::Abruzzo,
   author  = {Abruzzo T.{,} Shengelaia G.G.{,} Dawson III R.C.{,} Owens D.S.{,} Cawley C.W.{,} Gravanis M.B.},
   title   = {Histologic and morphologic comparison of experimental aneurysms with human intracranial aneurysm},
   year    = {1998},
   journal = {Americal Journal of Neuroradiology},
   volume  = {19},
   pages   = {1309-1314}
}


@article{paper::Carew1968,
   author  = {Carew T.E.{,} Vaishnav R.N.{,} Patel D.J.},
   title   = {Compressibility of the arterial wall},
   year    = {1968},
   journal = {Circulation{R}research},
   volume  = {23},
   pages   = {61-68}
}


@phdthesis{thesis::Crosetto,
         author= {Crosetto P.},
         title = {Fluid-{S}tructure {I}nteraction {P}roblems in {H}emodynamics: {P}arallel {S}olvers, {P}reconditioners, and {A}pplications},
         school= {\'Ecole Polytechinque F\'ed\'erale de Lausanne, Switzerland},
         year  = {2011}
}

@phdthesis{thesis::Augsburger,
         author= {Augsburger},
         title = {Fluid Mechanics of Cerebral Aneurysms and Effects of Intracranial Stents on Cerebral Aneurysmal Flow},
         school= {\'Ecole Polytechinque F\'ed\'erale de Lausanne, Switzerland},
         year  = {2008}
}

@phdthesis{paper::VignonClementel2,
         author= {Vignon-Clementel I.E.},
         title = {A {C}oupled {M}ultidomain {M}ethod for {C}omputational {M}odeling of {B}lood {F}low},
         school= {Stanford University, USA},
         year  = {2006}
}

@phdthesis{thesis::Nobile,
         author= {Nobile F.},
         title = {Numerical {A}pproximation of {F}luid-{S}tructure {I}nteraction {P}roblems with {A}pplication to {H}aemodynamics},
         school= {\'Ecole Polytechinque F\'ed\'erale de Lausanne, Switzerland},
         year  = {2001}
}


@phdthesis{thesis::Reymond,
         author= {Reymond P.},
         title = {Pressure and {F}low {W}ave {P}ropagation in {P}atient-{S}pecific {M}odels of the {A}rterial {T}ree},
         school= {\'Ecole Polytechinque F\'ed\'erale de Lausanne, Switzerland},
         year  = {2011}
}


@phdthesis{thesis::SimoneRossi,
         author= {Rossi S.},
         title = {Anisotropic {M}odeling of {C}ardiac {M}echanical {A}ctivation},
         school= {\'Ecole Polytechinque F\'ed\'erale de Lausanne, Switzerland},
         year  = {2014}
}

@phdthesis{thesis::Fumagalli,
         author= {Fumagalli A.},
         title = {Numerical {M}odelling of {F}lows in {F}ractured {P}orous {M}edia by the {XFEM} {M}ethod},
         school= {Politecnico di Milano, Italy},
         year  = {2012}
}

@phdthesis{thesis::Pozzoli,
         author= {Pozzoli M.},
         title = {Efficient {P}artitioned {A}lgorithms for the {S}olution of {F}luid-{S}tructure {I}nteraction {P}roblems in {H}aemodynamics},
         school= {Politecnico di Milano, Italy},
         year  = {2011}
}


@phdthesis{thesis::Monson,
         author= {Monson K.L.},
         title = {Mechanical and {F}ailure {P}roperties of {H}uman {C}erebral {B}lood {V}essels},
         school= {University of California,  USA},
         year  = {2001}
}

@phdthesis{thesis::CollSpessore,
         author= {Schriefl A.J.},
         title = {Quantification of {C}ollagen {F}iber {M}orphologies in {H}uman {A}rterial {W}alls: {N}ovel {E}xperimental {M}ethodologies yielding 2{D} and 3{D} {S}tructural {D}ata},
         school= {Graz University of Technology, Austria},
         year  = {2012}
}

@phdthesis{book::SeriesSommer,
         author= {Sommer G.},
         title= {Mechanical {P}roperties of {H}ealthy and {D}iseased {H}uman {A}rteries and {R}elated {M}aterial {M}odeling},
         school= {Graz University of Technology, Austria},
         year  = {2008}
}

@phdthesis{thesis::Andreas,
         author= {Fischle A.},
         title = {A parallel Newton-Krylov-FETI-DP solver},
         school= {University of Duisburg-Essen, Germany},
         year  = {In  Preparation}
}


@phdthesis{thesis::Tricerri,
         author= {Tricerri P.},
         title = {Mathematical and {N}umerical {M}odeling of {C}erebral {A}neurysm {P}rogression},
         school= {\'Ecole Polytechinque F\'ed\'erale de Lausanne, CH},
         year  = {In  Preparation}
}

@phdthesis{thesis::dede,
         author= {Dedè L.},
         title = {Adaptive and {R}educed {B}asis methods for optimal control problems in environmental applications},
         school= {Politecnico di Milano},
         year  = {2008}
}


@phdthesis{thesis::Malossi,
         author= {Malossi A.C.I.},
         title = {Partitioned {S}olution of {G}eometrical {M}ultiscale {P}roblems for the {C}ardiovascular {S}ystem: {M}odels, {A}lgorithms, and {A}pplications},
         school= {\'Ecole Polytechinque F\'ed\'erale de Lausanne, Switzerland},
         year  = {2012}
}

@phdthesis{thesis::Quinodoz,
         author= {Quinodoz S.},
         title = {Numerical {S}imulations of {O}rbitally {S}haken {R}eactors},
         school= {\'Ecole Polytechinque F\'ed\'erale de Lausanne, Switzerland},
         year  = {2012}
}

@phdthesis{thesis::Balzani,
         author= {Balzani D. },
         title = {Polyconvex {A}nisotropic {E}nergies and {M}odeling of {D}amage {A}pplied to {A}rterial {W}alls},
         school= {University of {D}uisburg-{E}ssen, Germany},
         year  = {2006}
}

@phdthesis{thesis::DalongLi,
         author= {Li D.},
         title = {Structural {M}ulti-{M}echanism {M}odel with {A}nisotropic {D}amage for {C}erebral {A}rterial {T}issues and its {F}inite {E}lement {M}odeling},
         school= {University of Pittsburgh,  USA},
         year  = {2009}
}

@phdthesis{thesis::Wulandana,
         author= {Wulandana R. },
         title = {A {N}onlinear and {I}nelastic {C}onstitutive {E}quation for {H}uman {C}erebral {A}rterial and {A}neurysm {W}alls},
         school= {University of Pittsburgh,  USA},
         year  = {2003}
}


@article{paper::NobilePozzoliVergara,
   author  = {Nobile F.{,} Pozzoli M.{,} Vergara C.},
   title   = {Time accurate partitioned algorithms for the solution of fluid-structure interaction problems in haemodynamics},
   year    = {2013},
   journal = {Computer \& Fluids},
   volume  = {86},
   pages   = {470-492}
}

@article{paper::Cox,
   author  = {Cox R.H.},
   title   = {Three-dimensional mechanics of arterial segments in vitro: methods},
   year    = {1974},
   journal = {Journal of Applied Physics},
   volume  = {36},
   pages   = {381-384}
}

@article{paper::Moore41,
   author  = {Greenwald S.E.{,} Moore J.E.J.{,} Rachev A.{,} Kane T.P.C.{,} Meister J.J.},
   title   = {Experimental investigation of the Distribution of residual strains in the artery wall},
   year    = {1997},
   journal = {Journal of Biomechanical Engineering},
   volume  = {119},
   pages   = {438-444}
}

@article{paper::Dock,
   author  = {Dobrin P.B.{,} Rovick A.A.},
   title   = {Influence of vascular smooth muscle on contractile mechanics and elasticity of arteries},
   year    = {1969},
   journal = {American Journal of Physiology},
   volume  = {217},
   pages   = {1644-1651}
}

@article{paper::Veneziani,
   author  = {Di Pietro D.A.{,} Veneziani A.{,}},
   title   = {Expression templates implementation of continuous and discontinuous Galerkin methods},
   year    = {2009},
   journal = {Computer \& Visual Science},
   volume  = {12},
   pages   = {421-436}
}

@article{paper::Torii,
   author  = {Torii R.{,} Oshima M.{,} Kobayashi T.{,} Takagi K.{,} Tezduyar T.E.},
   title   = {Fluid–structure interaction modeling of a patient-specific cerebral aneurysm: influence of structural modeling},
   year    = {2008},
   journal = {Computational Mechanics},
   volume  = {38},
   pages   = {482-490}
}

@article{paper::Torii3,
   author  = {Torii R.{,} Oshima M.{,} Kobayashi T.{,} Takagi K.{,} Tezduyar T.E.},
   title   = {Fluid-structure interaction modeling of blood flow and cerebral aneurysm: significance of artery and aneurysm shapes},
   year    = {2009},
   journal = {Computer Method in Applied Mechanics in Engineering},
   volume  = {198},
   pages   = {3613-3621}
}

@article{paper::Torii2,
   author  = {Torii R.{,} Oshima M.{,} Kobayashi T.{,} Takagi K.{,} Tezduyar T.E.},
   title   = {Fluid-structure interaction modeling of anuerysmal conditions with high and normal blood pressures},
   year    = {2006},
   journal = {Computational Mechanics},
   volume  = {43},
   pages   = {151-159}
}

@article{paper::Chen,
   author  = {Chen J.{,} Wang S.{,} Ding G.{,} Yang X.{,} Li H.},
   title   = {The effect of aneurismal-wall mechanical properties on patient-specific hemodynamic simulations: two clinical reports},
   year    = {2009},
   journal = {Acta Mechanica Sinica},
   volume  = {25},
   pages   = {677-688}
}

@article{paper::fiberOC,
   author  = {Kronn M.{,} Holzapfel G.A.},
   title   = {Elastic properties of anisotropic vascular membranes examined by inverse analysis},
   year    = {2009},
   journal = {Computer Methods in Applied Mechanics and Engineering},
   volume  = {198},
   pages   = {3622-3632}
}


@article{paper::Raoult,
   author  = {Raoult A.},
   title   = {Non-polyconvexity of the stored energy function of a {S}aint {V}enant-{K}irchhoff material},
   year    = {1986},
   journal = {Applications of Mathematics},
   volume  = {31},
   issue   = {6},
   pages   = {417-419}
}

@article{paper::aRaoult,
   author  = {Raoult A.},
   title   = {Symmetry groups in nonlinear elasticity: an exercise in vintage mathematics},
   year    = {2009},
   journal = {Communications on {P}ure and {A}pplied {A}nalysis},
   volume  = {8},
   issue   = {1},
   pages   = {435-456}
}

@article{paper::Bazilev1,
   author  = {Bazilevs Y.{,} Hsu M.C.{,} Zhang Y.{,} Wang W.{,} Liang X.{,} Kvamsdal T.{,} Brekken R.{,} Isaksen J.G.},
   title   = {A fully-coupled fluid-structure interaction simulation of cerebral aneurysms},
   year    = {2010},
   journal = {Computational Mechanics},
   volume  = {46},
   pages   = {3-16}
}

@article{paper::SforzaCebral,
   author  = {Sforza D.M.{,} Putman C.M.{,} Cebral J.R.},
   title   = {Hemodynamics of cerebral aneurysms},
   year    = {2009},
   journal = {Annual Review of Fluid Mechanics},
   volume  = {41},
   pages   = {91-107}
}

@article{paper::Wick,
   author  = {Wick T.},
   title   = {Fluid-{S}tructure {I}nteractions unsing different mesh motion techniques},
   year    = {2011},
   journal = {1456-1467}
}

@article{paper::HolzapfelReview2000,
   author  = {Holzapfel G.A.{,} Gasser T.C.},
   title   = {A new constitutive framework for arterial wall mechanics and a comparative study of material models},
   year    = {2000},
   journal = {Journal of Elasticity},
   volume  = {61},
   pages   = {1-48}
}

@article{paper::HolzapfelReview2010,
   author  = {Holzapfel G.A.{,} Ogden R.W.},
   title   = {Constitutive modeling of arteries},
   year    = {2010},
   journal = {Proceedings of the Royal Society A},
   volume  = {466},
   pages   = {1551-1597}
}

@article{paper::HolzapfelGasser2006,
   author  = {Gasser T.C.{,} Holzapfel G.A.},
   title   = {Hyperelastic modelling of arterial layers with distributed collagen fiber orientations},
   year    = {2006},
   journal = {Journal of the {R}oyal {S}ociety},
   volume  = {3},
   pages   = {15-35}
}

@article{paper::GasserHolzapfel,
   author  = {Gasser T.C.{,} Schulze-{B}auer C.A.J.{,} Holzapfel G.A.},
   title   = {A three-dimensional finite element model for arterial clamping},
   year    = {2002},
   journal = {Journal of Biomechanical Engineering},
   volume  = {124},
   pages   = {355-363}
}

@article{paper::RobertsonLi2008,
   author  = {Li D.{,} Robertson A.M.},
   title   = {A structural multi-mechanism constitutive equation for cerebral arterial tissue},
   year    = {2009},
   journal = {International Journal of Solids \& Structures},
   volume  = {46},
   pages   = {2920-2928}
}

@article{paper::RobertsonImages,
   author  = {Hill M.R.{,}Duan X.{,}Gibson G.A.{,} Watkins S.{,}Robertson A.M.},
   title   = {A theoretical and non-destructive experimental approach for direct inclusion of measured collagen orientation and recruitment into mechanical models of the arterial wall},
   year    = {2012},
   journal = {Journal of Biomechanics},
   volume  = {45},
   pages   = {762-771}
}

@article{paper::GlowinskiTallecI,
   author  = {Glowinski R.{,} Le {T}allec P.},
   title   = {Numerical solution of problems in incompressible finite elasticity by augmented {L}agrangian methods I: {T}wo-dimensional and axisymmetric problems},
   year    = {1982},
   journal = {{SIAM} Journal on {A}pplied {M}athematics},
   volume  = {42},
   pages   = {400-429}
}

@article{paper::lastRobertson,
   author  = {Dalong L.{,} Robertson A.M.{,} Lin G.{,} Lovell M.},
   title   = {Finite element modeling of cerebral angioplasty using a structural multi-mechanism anisotropic damage model},
   year    = {2012},
   journal = {Inernational Journal for Numerical Methods in Engineering},
   volume  = {92},
   pages   = {457-474}
}

@article{paper::GlowinskiTallecII,
   author  = {Glowinski R.{,} Le {T}allec P.},
   title   = {Numerical solution of problems in incompressible finite elasticity by augmented {L}agrangian methods II: {T}hree-dimensional problems},
   year    = {1984},
   journal = {{SIAM} Journal on {A}pplied {M}athematics},
   volume  = {44},
   pages   = {710-733}
}

@article{paper::Klass,
   author  = {Klass O.{,} Maniatty A.{,} Shephard M.S. },
   title   = {A stabilized mixed finite element method for finite elasticity. {F}ormulation for linear displacement and pressure interpolation},
   year    = {1999},
   journal = {Computer Methods in Applied Mechanics and Engeneering },
   volume  = {180},
   pages   = {65-79}
}

@article{paper::HolzapfelKroon,
   author  = {Kroon M.{,} Holzapfel G.A.},
   title   = {Estimation of the distributions of anisotropic, elastic properties and wall stresses of saccular aneurysms by inverse analysis},
   year    = {2008},
   journal = {Proceedings of the Royal Society A},
   volume  = {464},
   pages   = {807-825}
}

@article{paper::HolzapfelKroon2007,
   author  = {Kroon M.{,} Holzapfel G.A.},
   title   = {A model for saccular cerebral aneurysm growth by collagen fibre remodelling.},
   year    = {2007},
   journal = {Journal of {T}heoretical {B}iology},
   volume  = {4},
   issue   = {247},
   pages   = {775-787}
}

@article{paper::Meyer,
   author  = {Meyer F.B.{,} Huston J.{,} Riederer S.S.},
   title   = {Pulsatile increases in aneurysm size determined by cine phase-contrast {M}{R} angiography},
   year    = {1993},
   journal = {J. Neurosurg.},
   volume  = {78},
   pages   = {879-883}
}

@article{paper::NagdiTagh,
   author  = {Naghdi P.M.{,} Tang P.Y.},
   title   = {Large deformation possible in every isotropic elastic membrane},
   year    = {1977},
   journal = {Philosophical {T}ransactions of the {R}oyal {S}ociety {A}},
   volume  = {287},
   issue   = {1341},
   pages   = {145-187}
}

@article{paper::Ferguson,
   author  = {Ferguson G.G.},
   title   = {Direct measurements of mean and pulsatile blood pressure at operation in human intracranial saccular aneurysms},
   year    = {1972},
   journal = {Journal of Neurosurgery},
   volume  = {36},
   pages   = {560-563}
}

@article{paper::FergusonOrigin,
   author  = {Ferguson G.G. },
   title   = {Physical factors in the initiation, growth, and rupture of human intracranial aneurysms.},
   year    = {1972},
   journal = {Journal of Neurosurgery},
   volume  = {37},
   pages   = {666-677}
}


@article{paper::niceDisplacement,
   author  = {Karmonik C.{,} Diaz O.{,} Grossman R.{,} Kluznik R.},
   title   = {In-vivo quantification of wall motion in cerebral aneurysms from 2{D} cine phase contrast {M}{R}{I}},
   year    = {2010},
   journal = {Fortschr \"ontgenstr},
   volume  = {182},
   pages   = {140-150}
}

@article{paper::BazilevFuffa,
   author  = {Isaksen J.G.{,} Bazilevs Y.{,} Kvamsdal T.{,} Zhang Y.{,} Kaspersen J.H.{,} Waterloo K.{,} Romner B.{,} Ingebrigtsen T.},
   title   = {Determination of wall tension in cerebral artery aneurysms by numerical simulation.},
   year    = {2008},
   journal = {Stroke},
   volume  = {39},
   issue   = {12},
   pages   = {3172-3178}
}

@article{paper::Valencia,
   author  = {Valencia A.{,} Burdiles P.{,} Ignat M.{,} Mura J.{,} Bravo E.{,} Rivera R.{,} Sordo J.},
   title   = {Fluid structural analysis of human cerebral aneurysm using their own wall mechanical properties},
   year    = {2013},
   journal = {Computational and {M}athematical {M}ethods in {M}edicine},
   volume  = {2013},
   pages   = {1-18}
}

@article{paper::thickness2014,
   author  = {Sherif C.{,} Kleinpeter G.{,} Mach G.{,} Loyoddin M.{,} Haider T.{,} Plasenzotti R.{,} Bergmeister H.{,} Di Ieva A.{,} Gibson D.{,} Krssak M.},
   title   = {Evaluation of cerebral aneurysm wall thickness in experimental aneurysms: comparison of 3T-MR imaging with direct microscopic measurements},
   year    = {2014},
   journal = {Acta Neurochirurgica},
   volume  = {156},
   pages   = {27-34}
}

@article{paper::BrandsEtAl,
   author  = {Brands D.{,} Klawonn A.{,} Rheinbach O.{,} Schr\"oder J.},
   title   = {Modelling and convergence in arterial wall simulations using a {FETI} solution strategy},
   year    = {2008},
   journal = {Computer Methods in Biomechanics and Biomedical Engineering},
   volume  = {11},
   issue   = {5},
   pages   = {569-583}
}

@article{paper::Hughes,
   author  = {Elguedj T.{,} Bazilevs Y.{,} Calo V.M.{,} Hughes T.J.R.},
   title   = {$\overline{B}$ and $\overline{F}$ projection methods for nearly incompressible linear and nonlinear elasticity and plasticity using higher-order {NURBS} elements},
   year    = {2008},
   journal = {Computer Methods in Applied Mechanics and Engineering},
   volume  = {197},
   issue   = {33},
   pages   = {2732-2762}
}

@article{paper::NURBSfsi,
   author  = {Bazilevs Y.{,} Gohean J.R.{,} Hughes T.J.R.{,} Moser R.D.{,} Zhang Y.},
   title   = {Patient-specific isogeometric fluid-structure interaction analysis of thoracic aortic blood flow due to implantation of the {J}arvik 2000 left ventricular assist device.},
   year    = {2009},
   journal = {Computer Methods in Applied Mechanics and Engineering},
   volume  = {198},
   issue   = {45},
   pages   = {3534-3550}
}

@article{paper::SimoTaylorPister,
   author  = {Simo J.C{,} Taylor R.L.{,} Pister K.},
   title   = {Variational and projection methods for the volume constraint in finite deformations elasto-plasticity},
   year    = {1985},
   journal = {Computer Methods in Applied Mechanics and Engineering},
   volume  = {51},
   pages   = {177-208}
}

@article{paper::Weiss,
   author  = {WeissJ.{,} Maker B.{,} Govindjee S.},
   title   = {Finite element implementation of incompressible, transversely isotropic hyperelasticity},
   year    = {1996},
   journal = {Computer Methods in Applied Mechanics and Engineering},
   volume  = {135},
   pages   = {107-128}
}


@article{paper::Klawonn,
   author  = {Brinkhues S.{,} Klawonn A.{,} Rheinbach O.{,} Schr\"oder J.},
   title   = {Augmented {L}agrange methods for quasi-incompressible material-{A}pplications to soft biological tissue},
   year    = {2013},
   journal = {International Journal for Numerical Methods in Biomedical Engineering},
   volume  = {29},
   issue   = {3},
   pages   = {332-350}
}

@article{paper::KroonHolzapfel1,
   author  = {Kroon M.},
   title   = {A numerical framework for material characterisation of inhomogeneous hyperelastic membranes by inverse analysis},
   year    = {2010},
   journal = {Journal of Computational and Applied Mathematics},
   volume  = {234},
   pages   = {563-578}
}

@article{paper::KroonHolzapfel2,
   author  = {Kroon M.{,} Holzapfel G.A.},
   title   = {Estimation of the distributions of anisotropic, elastic properties and wall stresses of saccular cerebral aneurysms by inverse analysis},
   year    = {2008},
   journal = {Proceeding of the {R}oyal {S}ociety {A}},
   volume  = {464},
   pages   = {807-825}
}

@article{paper::Davarani,
   author  = {Zeinali-Davarani S.{,} Choi J.{,} Baek S. },
   title   = {On parameter estimation for biaxial mechanical behavior of arteries},
   year    = {2009},
   journal = {Journal of Biomechanics},
   volume  = {42},
   pages   = {524-530}
}

@article{paper::BaekExp,
   author  = {Kim J.{,} Baek S.},
   title   = {Circumferential variations of mechanical behavior of the porcine thoracic aorta during the inflation test},
   year    = {2011},
   journal = {Journal of Biomechanics},
   volume  = {44},
   pages   = {1941-1947}
}

@article{paper::WattonHolzapfel,
   author  = {Watton P.N.{,} Ventikos Y.{,} Holzapfel G.A.},
   title   = {Modelling the mechanical response of elastin for arterial tissue},
   year    = {2009},
   journal = {Journal of Biomechanics},
   volume  = {42},
   issue   = {9},
   pages   = {1320-1325}
}

@article{paper::Calvo,
   author  = {Calvo B.{,} P{\~e}na E.{,} Martinez M.A.{,} Doblar\'e M.},
   title   = {An uncoupled directional damage model for fibred biological soft tissues. Formulation and computational aspects},
   year    = {2007},
   journal = {International {J}ournal for {N}umerical {M}ethods in {E}ngineering},
   volume  = {69},
   pages   = {2036-2057}
}

@article{paper::Delfino1997,
   author  = {Delfino A.{,} Stergiopulos N.{,} Moore J.E.{,} Meister J.J.},
   title   = {Residual strain effects on the stress field in a thick wall finite element model of the human carotid bifurcation},
   year    = {1997},
   journal = {Journal of Biomechanics},
   volume  = {30},
   pages   = {777-786}
}

@article{paper::Thubrikar,
   author  = {Thubrikar M.J.{,} Al-Soudi J.{,} Robicsek F.},
   title   = {Wall studies of abdominal aortic aneurysm in a clinical model},
   year    = {2001},
   journal = {Annals of Vascular Surgery},
   volume  = {15},
   pages   = {355-366}
}

@article{paper::scottiLEAAA,
   author  = {Scotti C.M.{,} Shkolnik A.D.{,} Muluk S.C.{,} Finol E.A.},
   title   = {Fluid-structure interaction in abdominal aortic aneurysms: effects of asymmetry and wall thickness},
   year    = {2005},
   journal = {Biomedical Engineering Online},
   volume  = {4},
   issue   = {64},
   pages   = {1-22}
}

@article{paper::InflowSaccular,
   author  = {Imai Y.{,} Sato K.{,} Ishikawa T.{,} Yamaguchi T.},
   title   = {Inflow into saccular cerebral aneurysms at arterial bends},
   year    = {2009},
   journal = {Annals of Biomedical Engineering},
   volume  = {36},
   issue   = {9},
   pages   = {1489-1495}
}

@article{paper::displ2,
   author  = {Oubel E.{,} Cebral J.R.{,} De Craene M.{,} Blanc R.{,} Blasco J.{,} Macho J.{,} Putman C.M.{,} Frangi A.F.},
   title   = {Wall motion estimation in intracranial aneurysms},
   year    = {2010},
   journal = {Physiological Measurements},
   volume  = {31},
   issue   = {9},
   pages   = {1119-1135}
}

@article{paper::CrosettoFSIAorta,
   author  = {Crosetto P.{,} Reymond P.{,} Deparis S.{,} Kontaxakis D.{,} Stergiopulos N.{,} Quarteroni A.},
   title   = {Fluid structure interaction simulations of physiological blood flow in the aorta},
   year    = {2013},
   journal = {Medical Engineering \& Physics},
   volume  = {35},
   issue   = {6},
   pages   = {784-791}
}


@techreport{report::MOX,
   author  = {Crosetto P.{,} Deparis S.{,} Formaggia L.{,} Mengaldo G.{,} Nobile F.{,} Tricerri P.},
   title   = {A comparative study of different nonlinear hyperelastic isotropic arterial wall models in patient-specific vascular flow simulations in the aortic arch},
   year    = {2012},
   institution   = { MOX - {L}aboratory of {M}odeling and {S}cientific {C}omputing - {M}ilano, {I}taly}
}

@techreport{report::VidrascuGerbeau,
   author  = {Gerbeau J.-F.{,} Vidrascu M.},
   title   = {A quasi-{N}ewton algorithm based on a reduced model for fluid-structure interaction problems in blood flows},
   year    = {2003},
   institution   = { {INRIA} - Institut National de Recherche en Informatique et en automatique}
}

@techreport{report::AlexandraForma,
   author  = {Formaggia L.{,} Moura A.{,} Nobile F.},
   title   = {On the stability of the coupling of 3{D} and 1{D} fluid-structure interaction models for blood flow simulations},
   year    = {2006},
   institution   = { MOX - {L}aboratory of {M}odeling and {S}cientific {C}omputing - {M}ilano, {I}taly}
}

@techreport{report::tricerri2013,
   author  = {Tricerri P.{,} Ded\'e L.{,} Quarteroni A.{,} Sequeira A.},
   title   = {Numerical validation of isotropic and transversely isotropic constitutive models for healthy and unhealthy cerebral arterial tissue},
   year    = {2013},
   number  = {39.2013},
   institution   = {MATHICSE Report EPFL}
}


@article{paper::AdeliaValidation,
   author = {Janela J.{,} Moura A.{,} Sequeira A.},
   title = {Towards a geometrical multiscale approach to non-newtonian blood flow simulations},
   journal = {Advances in Mathematical Fluid Mechanics},
   publisher = {Springer},
   edition = {First},
   year = {2010},
   pages = {295-309},
   }

@article{paper::BalzaniData,
   author = {Balzani D.{,} Neff P.{,} Schr\"oder J.{,} Holzapfel G.A.},
   title = {A polyconvex framewok for soft biological tissues. Adjustment to experimental data.},
   journal = {International {J}ournal of {S}olids and {Structures}},
   edition = {First},
   year = {2006},
   volume ={43},
   pages = {6052-6070},
   }

@article{paper::Neff,
   author = {Schr\"oder J.{,} Neff P. },
   title = {Invariant formulation of hyperelastic transverse isotropy based on polyconvex free energy functions},
   journal = {International {J}ournal of {S}olids and {S}tructures},
   year = {2003},
   volume ={40},
   pages = {401-445},
   }

@article{paper::HartmannNeff,
   author = {Hartmann S.{,} Neff P. },
   title = {Polyconvexity of generalied polynomial-type hyperelastic strain energy functions for nearly-incompressibility},
   journal = {International {J}ournal of {S}olids and {S}tructures},
   year = {2003},
   volume ={40},
   pages = {2767-2791},
   }

@article{paper::BadPaper,
   author = {Helfenstein J.{,} Jabareen M.{,} Mazza E.{,} Govindjee S.},
   title = {On non-physical response in models for fiber-reinforced hyperelastic materials},
   journal = {International Journal of Solids and Structures},
   year = {2010},
   volume ={47},
   pages = {2056-2061},
   }

@article{paper::Schored,
   author = {Schr\"oder J.{,} Neff P.{,} Balzani D. },
   title = {A variational approach for materially stable anisotropic hyperelasticity},
   journal = {International {J}ournal of {S}olids and {S}tructures},
   year = {2004},
   volume ={42},
   pages = {4352-4371},
   }

@article{paper::RickyVariational,
   author = {Masud A.{,} Truster T. },
   title = {A framework for residual-based stabilization of incompressible finite elasticity: stabilized formulations and $\overline{\F}$ methods for linear triangles and tetrahedra},
   journal = {Computer Methods in Applied Mechanical Engineering},
   year = {2013},
   volume ={267},
   pages = {359-399},
   }


@article{paper::KarniadakisInflow,
   author  = {Baek H.{,} Jayaraman M.V.{,} Richardson P.D.{,} Karniadakis G.E.},
   title   = {Flow instability and wall shear stress variation in intracranial aneurysms},
   year    = {2010},
   journal = {J. R. Soc. Interface},
   volume  = {7},
   pages   = {967-988}
}

@article{paper::MouraBCs,
   author  = {Janela J.{,} Moura A.{,} Sequeira A.},
   title   = {Absorbing boundary conditions for a 3D non-{N}ewtonian fluid–structure interaction model for blood flow in arteries},
   year    = {2010},
   journal = {International Journal of Engineering Science},
   volume  = {48},
   pages   = {1332-1349}
}



@article{paper::Sekhar,
   author  = {Sekhar L.N.{,} Heros R.C.},
   title   = {Origin, growth and rupture of saccular aneurysms: a review.},
   year    = {1981},
   journal = {Neurosurgery},
   volume  = {8},
   pages   = {248-260}
}

@article{paper::Campbell,
   author  = {Campbell G.J.{,} Roach M.R.},
   title   = {Fenestrations in the internal elastic lamina at bifurcations of the human cerebral arteries.},
   year    = {1981},
   journal = {Stroke},
   volume  = {12},
   pages   = {489-495}
}

@article{paper::Mimata,
   author  = {Mimata C.{,} Kitaoka M.{,} Nagahiro S.{,} Iyama K.{,} Hori H.{,} Yoshioka H.{,} Ushio Y.},
   title   = {Differential distribution and expressions of collagens in the cerebral aneurysmal wall},
   year    = {1997},
   journal = {Acta Neuropathology},
   volume  = {94},
   pages   = {197-206}
}

@article{paper::Sahs,
   author  = {Sahs A.L.},
   title   = {Observations on the pathology of saccular aneurysms},
   year    = {1966},
   journal = {Journal of Neurosurgery},
   volume  = {24},
   pages   = {792-806}
}


@article{paper::RobertsonWulandana2005,
   author  = {Wulandana R.{,} Robertson A.M.},
   title   = {An inelastic multi-mechanism constitutive equation for cerebral arterial tissue},
   year    = {2005},
   journal = {Biomechanics and {M}odeling in {M}echanobiology},
   volume  = {4},
   pages   = {235-248}
}

@article{paper::Kachanov,
   author  = {Kachanov L.M.},
   title   = {Time of rupture process under creep conditions},
   year    = {1958},
   journal = {Izvestija Akademii Nauk Sojuza Sovetskich Socialisticeskich Respubliki (SSSR) Otdelenie Techniceskich Nauk (Moskra)},
   volume  = {8},
   pages   = {26-31}
}

@article{paper::HumphreyTaylorSimilarities,
   author  = {Humphrey J.D.{,} Taylor C.A.},
   title   = {Intracranial and abdominal aortic aneurysms: similarities, differences, and need for a new class of computational models.},
   year    = {2008},
   journal = {Annual {R}eviews of {B}iomedical {E}ngineering},
   volume  = {10},
   pages   = {221-246}
}

@article{paper::Simo1,
   author  = {Simo J.C.{,} Ju J.W.},
   title   = {Strain- and stress-based continuum damage models, {I}. {F}ormulation, {II}. {C}omputational aspects.},
   year    = {1987},
   journal = {International Journal of Solids and Structures},
   volume  = {23},
   pages   = {821-869}
}

@article{paper::SimoTaylor1982,
   author  = {Simo J.C.{,} Taylor R.L.},
   title   = {Penalty function formulations for incompressible nonlinear elastostatics},
   year    = {1982},
   journal = {Computer Methods in Applied Mechanics and Engineering},
   volume  = {35},
   pages   = {107-118}
}

@article{paper::Simo2,
   author  = {Simo J.C.},
   title   = {On a fully three-dimensional finite-strain viscoelastic damage model: formulation and computational aspects},
   year    = {1987},
   journal = {Computer {M}ethods in {A}pplied {M}echanics and {E}ngineeting},
   volume  = {60},
   pages   = {153-173}
}

@article{paper::ScottEtAl,
   author  = {Scott S.{,} Ferguson G.G.{,} Roach M.R.},
   title   = {Comparison of the elastic properties of human intracranial arteries and aneurysms},
   year    = {1972},
   journal = {Canadian Journal of Physiology and Pharmacology},
   volume  = {50},
   pages   = {328-332}
}

@article{paper::Balzani,
   author  = {Balzani D.{,} Brinkhues S.{,} Holzapfel G.A.},
   title   = {Constitutive framework for the modeling of damage in collagenous soft tissues with application to arterial walls},
   year    = {2012},
   journal = {Computer {M}ethods in {A}pplied {M}echanics and {E}ngineering},
   volume  = {1},
   pages   = {139-151}
}


@article{paper::LiDamage,
   author  = {Li D.{,} Robertson A.M.},
   title   = {A structural multi-mechanism damage model for cerebral arterial tissue},
   year    = {2009},
   journal = {Journal of {B}iomechanical {E}ngineering},
   volume  = {131},
   pages   = {}
}

@article{paper::velocity,
   author  = {Sh\"onning M.{,} Walter J.{,} Scheel P.},
   title   = {Estimation of cerebral blood flow through color duplex sonography of the carotid and vertebral arteries in healthy adults},
   year    = {1994},
   journal = {Stroke},
   volume  = {25},
   issue   = {1},
   pages   = {17-22}
}

@article{paper::reconstruction,
   author  = {Zienkiewicz O.C.{,} Zhu J.Z. },
   title   = {A simple error estimation and adaptive procedure for practical engineering analysis},
   year    = {1987},
   journal = {International Journal of Numerical Methods in Engineering},
   volume  = {24},
   issue   = {2},
   pages   = {337-357}
}


@article{paper::balzaniDamage,
   author  = {Balzani D.{,} Sch\"oder J.{,} Gross D.},
   title   = {Simulation of discontinuous damage incorporating residual stresses in circumferentially overstretched atherosclerosis arteries},
   journal = {Acta {B}iomaterialia 2},
   year    = {2006},
   volume  = {1},
   pages   = {609-618}
}

@article{paper::Masson,
   author  = {Masson I.{,} Fassot C.{,} Zidi M.},
   title   = {Finite dynamic deformations of a hyperelastic, anisotropic, incompressible, and prestressed tube. Applications to in vivo arteries},
   journal = {European Journal of Mechanics A/Solids},
   year    = {2010},
   volume  = {29},
   pages   = {523-529}
}


@article{paper::AAA,
   author  = {Papaharilaou Y.{,} Ekaterinaris J.A.{,} Manousaki E.{,} Katsamouris A.N.},
   title   = {A decoupled fluid structure approach for estimating wall stress in abdominal aortic aneurysms},
   year    = {2007},
   journal = {Journal of Biomechanics},
   volume  = {40},
   pages   = {367-377}
}

@article{paper::Stehbens,
   author  = {Stehbens W.E.},
   title   = {Histopathology of cerebral aneurysms},
   year    = {1963},
   journal = {Archives of Neurology},
   volume  = {8},
   pages   = {272-285}
}

@article{paper::Stehbens1989,
   author  = {Stehbens W.E.},
   title   = {Etiology of intracranial berry aneurysms},
   year    = {1989},
   journal = {Journal of Neurosurgery},
   volume  = {70},
   issue   = {6},
   pages   = {823-831}
}


@article{paper::HolzapfelGasser2002,
   author  = {Holzapfel G.A.{,} Gasser T.C.},
   title   = {A three-dimensional finite element model for arterial clamping},
   year    = {2002},
   journal = {Journal of Biomechanical Engineering},
   volume  = {14},
   pages   = {355-363}
}

@article{paper::HolzapfelGasser2007,
   author  = {Holzapfel G.A.{,} Gasser T.C.},
   title   = {Computational stress-deformations analysis of arterial walls including high-pressure response},
   year    = {2007},
   journal = {International Journal of Cardiology},
   volume  = {116},
   pages   = {78-85}
}

@article{paper::Austin,
   author  = {Austin G.M.{,} Fisher S.{,} Dickson D.{,} Anderson D.{,} Richardson S.},
   title   = {The significance of the extracellular matrix in intracranial aneurysms.},
   year    = {1993},
   journal = {Annals of {C}linical \& {L}aboratory {S}cience},
   volume  = {23},
   pages   = {97-105}
}

@article{paper::Wasserman2004,
   author  = {Wasserman S.M.},
   title   = {Adaptation of the endothelium to fluid flow: in vitro analyses of gene expression and in vivo implications.},
   year    = {2004},
   journal = {Vascular {M}edicine},
   volume  = {9},
   pages   = {34-45}
}

@manual{LifeV,
 title = {LifeV},
 note = {LifeV user manual, \texttt{http://lifev.org}},
 year = {2010},
 organization = { {\'{E}}cole Polytechnique F{\'{e}}d{\'{e}}rale de Lausanne (CMCS), CH; Politecnico di Milano (MOX), ITA;  INRIA (REO, ESTIME), FR, and Emory University (Math\&CS), GA US.}
}

@manual{manualSS,
 author = {Tricerri P.{,} Mengaldo G.},
 title = {The {S}tructural {S}olver framework in \texttt{LifeV}: {D}escription and {U}sage},
 note = {\texttt{http://lifev.org}},
 year = {2012},
 organization = { {\'{E}}cole Polytechnique F{\'{e}}d{\'{e}}rale de Lausanne (CMCS), CH}
}

@misc{MeshLab,
 author = {Visual Computing Lab of {ISTI-CNR}},
 title = {MeshLab},
 howpublished = {\url{http://meshlab.sourceforge.net/}},
 year = {2005--2014},
}

@misc{VMTK,
 author = {Manini S.{,} Antiga L.},
 title = {VMTK, {T}he {V}ascular {M}odeling {T}oolkit},
 howpublished = {\url{http://www.vmtk.org/}},
 year = {2013--2014},
}

@article{presentationPDF,
   author  = {Tricerri P.{,} Dedè L.{,} Sequeira A.{,} Quarteroni A.},
   title   = {Modelling and numerical simulations of the mechanics of cerebral arterial tissue: structural damage and FSI models.},
   year    = {http://cemat.ist.utl.pt/~cemat.daemon/MSPS2012/prog.php, PDF presentation},
   journal = {UTAustin {-} {P}ortugal, {W}orkshop on {M}odeling and {S}imulation of {P}hysiological {S}ystems, {L}isbon, {P}ortugal}
}

@techreport{atc13,
	Address = {California},
	Author = {{Applied Technology Council}},
	Date-Modified = {2011-03-21 13:46:44 +0100},
	Institution = {Seismic Safety Commission, Applied Technology Council (\textsc{atc})},
	Keywords = {ATC},
	Owner = {oropeza},
	Timestamp = {2008.01.11},
	Title = {{E}arthquake damage evaluation data for {C}alifornia},
	Year = {1985}
}

@Comment FSI part

@article{article::report4,
   author  = {Cebral J.R.{,} Mut F.{,} Weir F.{,} Putman C.M.},
   title   = {Association of hemodynamics characteristics and cerebral aneurysms rupture},
   year    = {2011},
   journal = {American Journal of Neuroradiology},
   volume  = {32},
   pages   = {264-270}
}

@article{article::report6,
   author  = {Zakaria H.{,} Robertson A.M.{,} Kerber C.Q.},
   title   = {A parametric model for studies of flow in arterial bifurcations},
   year    = {2008},
   journal = {Annals of Biomedical Engineering},
   volume  = {36},
   pages   = {1515-1530}
}

@article{article::report11,
   author  = {Valencia A.{,} Solis F.},
   title   = {Blood flow dynamics and arterial wall interaction in a saccular aneurysm model of the basilar artery},
   year    = {2006},
   journal = {Computers \& Structures},
   volume  = {84},
   pages   = {1326-1337}
}

@article{article::report17,
   author  = {Bazilev Y.{,} Hsu M.C.{,} Zhang Y.{,} Wang W.{,} Kvamsdal T.{,} Hentschel S.{,} Isaksen J.G.},
   title   = {Computational vascular fluid-structure interaction: methodology and application to cerebral aneurysms},
   year    = {2010},
   journal = {Biomechanics and Modeling in Mechanobiology},
   volume  = {9},
   pages   = {481-498}
}

@book{article::report19,
         author= "Ottesen J.T.{,} Olufsen M.S.{,} Larsen J.K.",
         title= "Applied {M}athematical {M}odels in {H}uman {P}hysiology",
         publisher= "Society for Industrial and Applied Mathematics",
         address = "New York",
         year= "2004"
}

@article{paper::CebralPipeline,
   author  = {Cebral J.R.{,} Castro M.A.{,} Appanaboyina S.{,} Putman C.M.{,} Millan D.{,} Frangi A.},
   title   = {Efficient pipeline for image-based patient-specific analysis of cerebral aneurysm hemodynamics: techniques and sensitivity},
   year    = {2005},
   journal = {IEEE Transactions on Medical Imaging},
   volume  = {24},
   pages   = {457-467}
}

@article{paper::Cebral,
   author  = {Cebral J.R.{,} Castro M.A.{,} Soto O.{,} L{\"o}hner R.{,} Alperin N.},
   title   = {Blood flow models of the {C}ircle of {W}illis from {M}agnetic {R}esonance data},
   year    = {2003},
   journal = {Journal of Engineering Mathematics},
   volume  = {47},
   pages   = {369-386}
}

@article{paper::Moura,
   author  = {Janela J.{,} Moura A.{,} Sequeira A.},
   title   = {A {3D} non-{N}ewtonian fluid-structure interaction model for blood flow in arteries},
   year    = {2010},
   journal = {Journal of Computational and Applied Mathematics},
   volume  = {234},
   pages   = {2783-2791}
}

@article{paper::Jama,
   author  = {Malek A.M.{,} Alper S.L.{,} Izumo S.},
   title   = {Hemodynamic shear stress and its role in atherosclerosis},
   year    = {1999},
   journal = {The Journal of the American Medical Association},
   volume  = {282},
   issue   = {21},
   pages   = {2035-2042}
}

@article{paper::ToriiBloodFlow,
   author  = {Oshima M.{,} Skai H.{,} Torii R.},
   title   = {Modelling of inflow boundary conditions for image-based simulation of cerebrovascular flow},
   year    = {2005},
   journal = {International Journal for Numerical Methods in Fluids},
   volume  = {47},
   pages   = {603-617}
}

@article{paper::ToriiPipeLine,
   author  = {Oshima M.{,} Torii R.{,} Kobayashi T.{,} Taniguchi N.{,} Takagi K.},
   title   = {Finite element simulation of blood flow in the cerebral artery},
   year    = {2001},
   journal = {Computer Methods in Applied Mechanics and Engineering},
   volume  = {191},
   pages   = {661-671}
}

@article{paper::JouCFDrupture,
   author  = {Lou J.D.{,} Lee D.H.{,} Morsi H.{,} Mawad M.E.},
   title   = {Wall shear stress on ruptured and unruptured intracranial aneurysms at the internal carotid artery},
   year    = {2008},
   journal = {American Journal of Neuroradiology},
   volume  = {29},
   pages   = {1761-1767}
}

@article{paper::ManthaHemoICA,
   author  = {Mantha A.{,} Karmonik C.{,} Bendorf G.{,} Strother C.{,} Metcalfe R.},
   title   = {Hemodynamics in a cerebral artery before and after the formation of an aneurysm},
   year    = {2006},
   journal = {American Journal of Neuroradiology},
   volume  = {27},
   pages   = {1113-1118}
}

@article{paper::CebralParentArtery,
   author  = {Castro M.A.{,} Putman C.M.{,} Cebral J.R.},
   title   = {Computational fluid dynamics modeling of intracranial aneurysms: effects of parent artery segmentation on intra-aneurysmal hemodynamics},
   year    = {2006},
   journal = {American Journal of Neuroradiology},
   volume  = {27},
   pages   = {1703-1709}
}

@article{paper::CasinoSpagna,
   author  = {Marzo A.{,} Singh P.{,} Larrabide I.{,} Radaelli A.{,} Coley S.{,} Gwilliam M.{,} Wilkinson I.D.{,} Lawford P.{,} Reymond P.{,} Patel U.{,} Frangi A.{,} Hose D.R.},
   title   = {Computational hemodynamics in cerebral aneurysms: the effects of modeled versus measured boundary conditions},
   year    = {2010},
   journal = {Annals of Biomedical Engineering},
   volume  = {39},
   pages   = {848-896}
}

@article{paper::Karniadakis,
   author  = {Baek H.{,} Jayaraman M.V.{,} Richardson P.D.{,} Karniadakis G.E.},
   title   = {Flow instability and wall shear stress variation in intracranial aneurysms},
   year    = {2010},
   journal = {Journal of the Royal Society Interface},
   volume  = {7},
   pages   = {967-988}
}

@article{paper::Albe,
   author  = {Gambaruto A.M.{,} Jo{\~a}o A.J.},
   title   = {Flow structures in cerebral aneurysms},
   year    = {2012},
   journal = {Computer \& Fluids},
   volume  = {65},
   pages   = {56-65}
}

@article{book::images,
   author  = {Poethke J.{,} Gourbergrits L.{,} Kertzscher U.{,} Spuler A.{,} Petz Ch.{,} Hege H.Ch.},
   title   = {Impact of imaging modality for analysis of cerebral aneurysms: comparison between {CT}, {MRI} and {3DRA}},
   year    = {2008},
   journal = {4th European Conference of the International Federation for Medical and Biological Engineering IFMBE Proceedings},
   volume  = {1},
   pages   = {1889-1893}
}

@article{paper::ToriiThickness,
   author  = {Torii R.{,} Oshima M{,} Kobayashi T.{,} Takagi K.{,} Tezduyar T.E.},
   title   = {Influence of wall thickness on fluid-structure interaction computations of cerebral aneurysms},
   year    = {2010},
   journal = {International Journal for Numerical Methods in Biomedical Engineering},
   volume  = {26},
   pages   = {336-347}
}


@article{article::InletBCs,
   author  = {Marzo A.{,} Singh P.{,} Reymond P.{,} Stergiopulos N.{,} Patel U.{,} Hose R.},
   title   = {Influence of inlet boundary conditions on the local haemodynamics of intracranial aneurysms},
   year    = {2009},
   journal = {Computer Methods in Biomechanics and Biomedical engineering},
   volume  = {12},
   pages   = {431-444}
}

@article{article::WSStheoreical,
   author  = {Katritsis D.{,} Kaiktsis L.{,} Chaniotis A.{,} Pantos J.{,} Efstathopoulos P.{,} Marmarelis V.},
   title   = {Wall sheart stress: theoretical considerations and methods of measurements},
   year    = {2007},
   journal = {Progress in Cardiovascular Diseases},
   volume  = {49},
   pages   = {307-329}
}

@article{article::WSScells,
   author  = {Reneman R.S.{,} Arts T.{,} Hoeks A.P.},
   title   = {Wall shear stress - an important determinant of endothelial cell function and structure - in the arterial system in vivo},
   year    = {2006},
   journal = {Journal of Vascular Research},
   volume  = {43},
   pages   = {251-269}
}

@article{article::VelocityACA,
   author  = {Hart R.{,} Haluszkiewicz E.},
   title   = {Blood flow velocity using transcranial doppler velocimetry in the middle and anterior cerebral arteries: correlation with sample volume depth},
   year    = {2000},
   journal = {Ultrasound in Medicine and Biology},
   volume  = {26},
   pages   = {1267-1274}
}

@article{article::VelocityBrain2,
   author  = {Matsuo T.{,} Watanabe S.I.{,} Sorimachi M.{,} Kanda M.{,} Ohta Y.{,} Takahashi T.},
   title   = {Blood flow velocity waveforms in the middle cerebral artery at rest and during exercise},
   year    = {2011},
   journal = {Artificial Life and Robotics},
   volume  = {16},
   pages   = {398-402}
}

@article{article::Rannacher,
   author  = {Heywood J.G.{,} Rannacher R.{,} Turek S.},
   title   = {Artifical boundaries and flux and pressure conditions for the incompressible {N}avier-{S}tokes equations},
   year    = {1996},
   journal = {Numerical Methods in Fluids},
   volume  = {22},
   pages   = {325-352}
}

@article{article::answerAlfio,
   author  = {Formaggia L.{,} Gerbeau J.F.{,} Nobile F.{,} Quarteroni A.},
   title   = {Numerical treatment of defective boundary conditions for the {N}avier-{S}tokes equations},
   year    = {2006},
   journal = {SIAM Journal of Numerical Analysis},
   volume  = {40},
   pages   = {376-401}
}

@article{article::CC,
   author  = {Colciago C.M.{,} Deparis S.{,} Quarteroni A.},
   title   = {Comparisons between reduced order models and full 3{D} models for fluid-structure interaction problems in haemodynamics},
   year    = {2013},
   note  = { in press },
  journal = {Journal of Computational and Applied Mathematics},
}

@article{GMSHpaper,
   author  = {Geuzaine C.{,} Remacle J.-F.},
   title   = {Gmsh: a three-dimensional finite element mesh generator with built-in pre- and post-processing facilities},
   year    = {2009},
   journal = {International Journal for Numerical Methods in Engineering},
   volume  = {79},
   issue   = {11},
   pages   = {1309-1331}
}

@article{article::ElenaFaggiano,
   author  = {Faggiano E.{,} Antiga L.},
   title   = {An open-source tool for patient-specific fluid-structure vessel mesh generation},
   year    = {2014},
   note  = { submitted },
  journal = {International journal for numerical methods in biomedical engineering},
}

@article{paper::Hoi,
   author  = {Hoi Y.{,} Woodward S.H.{,} Kim M.{,} Taulbee D.B.{,} Meng H.},
   title   = {Validation of {CFD} simulations of cerebral aneurysms with implication of geometric variations},
   year    = {2006},
   journal = {Journal of Biomechanical Engineering},
   volume  = {128},
   pages   = {844-851}
}

@article{paper::Ford,
   author  = {Ford M.D.{,} Nikolov N.H.{,} Milner J.S.{,} Lownie S.P.{,} Demont E.M.{,} Kalata W.{,} Loth F.{,} Holdsworth D.W.{,} Steinman D.A.},
   title   = {{PIV}-measured versus {CFD}-predicted flow dynamics in anatomically realistic cerebral aneurysm models},
   year    = {2008},
   journal = {Journal of Biomechanical Engineering},
   volume  = {130},
   pages   = {1-15}
}

@article{paper::WSSover,
   author  = {Xiang J.{,} Tremmel M.{m} Kolega J.{,} Levy E.I.{,} Natarajan S.K.{,} Meng H.},
   title   = {Newtonian viscosity model could overestimate wall shear stress in intracranial aneurysm domes and underestimate rupture risk},
   year    = {2012},
   journal = {Journal of Neurointerventional Surgery},
   volume  = {4},
   pages   = {351-357}
}

@article{paper::CrosettoEtAl1,
   author  = {Crosetto P.{,} Deparis S.{,} Fourestey G.{,} Quarteroni A.},
   title   = {Parallel algorithms for fluid-structure interaction problems in haemodynamics},
   year    = {2011},
   journal = {{SIAM} Journal of Scientific Computing},
   volume  = {33},
   pages   = {1598-1622}
}

@article{paper::WallKuttler,
   author  = {K{\"u}ttler U.{,} Gee M.{,} F{\"o}rster Ch.{,} Comerford A.{,} Wall W.A.},
   title   = {Coupling strategies for biomedical fluid-structure interaction problems},
   year    = {2010},
   journal = {International Journal for Numerical Methods in Biomedical Engineering},
   volume  = {26},
   pages   = {305-321}
}

@article{paper::FernandezQuasiNewton,
   author  = {Fern{\'a}ndez M.{\'A}.{,} Moubachir M.},
   title   = {A {N}ewton method using exact jacobians for solving fluid-structure coupling},
   year    = {2005},
   journal = {Computers and Structures},
   volume  = {83},
   pages   = {127-142}
}

@article{paper::FabioInria,
   author  = {Causin P.{,} Gerbeau J.-F.{,} Nobile F.},
   title   = {Added-mass effect in the designof partitioned algorithms for fluid-structure problems},
   year    = {2005},
   journal = {Computers Method in Applied Mechanical Engineering},
   volume  = {194},
   pages   = {4506-2527}
}

@article{paper::FormaggiaAl,
   author  = {Formaggia L.{,} Gerbeau J.-F.{,} Nobile F.{,} Quarteroni A.},
   title   = {On the coupling of 3{D} and 1{D} {N}avier-{S}tokes equations for flow problems in compliant vessels},
   year    = {2001},
   journal = {Computer Methods in Applied Mechanical Engineering},
   volume  = {191},
   pages   = {561-582}
}


@article{paper::VignonClementel1,
   author  = {Vignon-Clementel I.E.{,} Figueroa C.A.{,} Jansen K.E.{,} Taylor C.A.},
   title   = {Outflow boundary conditions for 3{D} simulations of non-periodic blood flow and pressure fields in deformable arteries},
   year    = {2010},
   journal = {Computer Methods in Biomechanics and Biomedical Engineering},
   volume  = {1},
   pages   = {1-16}
}


@article{paper::FabioAbsorbing,
   author  = {Nobile F.{,} Pozzoli M.{,} Vergara C.},
   title   = {Time accurate partitioned algorithms for the solution of fluid-structure interaction problems in haemodynamics},
   year    = {2013},
   journal = {Computer \& Fluids},
   volume  = {86},
   pages   = {470-482}
}

@article{paper::AlexandraAbsorbing,
   author  = {Janela J.{,} Moura A.{,} Sequeira A.},
   title   = {Absorbing boundary conditions for a 3{D} non-{N}ewtonian fluid structure interaction model for blood flow in arteries},
   year    = {2010},
   journal = {International Journal of Engineering Science},
   volume  = {48},
   pages   = {1332-1349}
}

@article{paper::Moireau,
   author  = {Moireau P.{,} Xiao N.{,} Astorino M.{,} Figueroa C.A.{,} Chapelle D.{,} Taylor C.A.{,} Gerbeau J.-F.},
   title   = {External tissue support and fluid-structure simulation in blood flows},
   year    = {2012},
   journal = {Biomechanics and Modeling in Mechanobiology},
   volume  = {11},
   pages   = {1-18}
}


@article{paper::VelBlood2,
   author  = {Ogoh S.{,} Fadel P.J.{,} Zhag R.{,} Selmer C.{,} Jans I.{,} Secher N.H.{,} Raven P.B.},
   title   = {Middle cerebral artery flow velocity and pulse pressure during dynamic exercise in humans},
   year    = {2005},
   journal = {Heart and Circulation Physiology - American Journal of Physiology},
   volume  = {288},
   pages   = {1526-1531}
}

@article{paper::Reymond,
   author  = {Reymond P.{,} Bohraus Y.{,} Perren F.{,} Lazeyras F.{,} Stergiopulos N.},
   title   = {Validation of a patient-specific one-dimensional model of the systemic arterial tree},
   year    = {2010},
   journal = {Heart and Circulation Physiology - American Journal of Physiology},
   volume  = {301},
   pages   = {1173-1182}
}

@article{paper::displ1,
   author  = {Draney M.T.{,} Herfkens R.J.{,} Hughes T.J.R.{,} Pelc N.J.{,} Wedding K.L.{,} Zarins C.K.{,} Taylor C.A.},
   title   = {Quantification of vessel wall cyclic strain using cine phase constrast magnetic resonance imaging},
   year    = {2002},
   journal = {Annals of Biomedical Engineering},
   volume  = {30},
   pages   = {1033-1045}
}

@article{paper::MalossiBonemann,
   author  = {Malossi A.C.I.{,} Bonemann J.},
   title   = {Numerical comparison and calibration of geometrical multiscale models for the simulation of arterial flows},
   year    = {2013},
   journal = {Cardiovascular Engineering and Tecnology},
   note  = { accepted }
}

@article{paper::pressureDiastole,
   author  = {den Heijer T.{,} Skoog I.{,} Oudkerk M.{,} de Leeuw F.-E.{,} de Groot J.C.{,} Hofman A.{,} Bretle M.M.B.},
   title   = {Association between blood pressure levels over time and brain atrophy in the elderly},
   year    = {2003},
   journal = {Neurobiology of Aging},
   volume  = {24},
   pages   = {307-313}
}

@article{paper::ToriiPressure,
   author  = {Torii R.{,} Oshima M.{,} Kobayashi T.{,} Takagi K.{,} Tezduyar T.E.},
   title   = {Numerical investigation of the effect of hypertensive blood pressure on cerebral aneurysm - dependence of the effect on the aneurysm shape},
   year    = {2007},
   journal = {International Journal for Numerical Methods in Fluids},
   volume  = {54},
   pages   = {995-1009}
}

@article{paper::displacementCorrect,
   author  = {Giller C.A.{,} Bowman G.{,} Dyer H.{,} Mootz L.{,} Krippner W.},
   title   = {Cerebral arterial diameters during changes in blood pressure and carbon dioxide during craniotomy},
   year    = {1993},
   journal = {Neurosurgery},
   volume  = {32},
   issue   = {5},
   pages   = {737-741}
}

@article{paper::displacementCorrect2,
   author  = {Golemati S.{,} Sassano A.{,} Lever M.J.{,} Bharath A.{,} Dhanjil S.{,} Nicolaides A.N.},
   title   = {Carotid artery wall motion estimated from {B}-mode ultrasound using region tracking and block matching},
   year    = {2003},
   journal = {Ultrasound in Medicine and Biology},
   volume  = {29},
   issue   = {3},
   pages   = {387-399}
}

@article{paper::HumphreyRajagopal,
   author  = {Humphrey J.D.{,} Rajagopal K.R.},
   title   = {A constrained mixture model for grwoth and remodeling of soft tissues},
   year    = {2002},
   journal = {Mathematical Models and Methods in Applied Sciences},
   volume  = {12},
   issue   = {3},
   pages   = {407-430}
}

@article{paper::HumphreyGrowthAxisymmetricAneurysm,
   author  = {Baek S.{,} Rajagopal K.R.{,} Humphrey J.D.},
   title   = {A theoretical model of enlarging intracranial fusiform aneurysms},
   year    = {2006},
   journal = {Journal of Biomechanical Engineering},
   volume  = {128},
   pages   = {142-149}
}

@article{paper::HolzapfelGrowth,
   author  = {Kroon M.{,} Holzapfel G.A.},
   title   = {A model for saccular cerebral aneurysm growth by collagen fibre remodelling},
   year    = {2007},
   journal = {Journal of Theoretical Biology},
   volume  = {247},
   pages   = {775-787}
}

@article{paper::ReviewGandR,
   author  = {Ateshian G.A.{,} Humphrey J.D.},
   title   = {Continnum mixture models of biological grwoth and remodeling: past successes and future opportunities},
   year    = {2012},
   journal = {Annual Reviews of Biomedical Engineering},
   volume  = {14},
   pages   = {97-111}
}

@article{paper::1995GandR,
   author  = {Taber L.A.},
   title   = {Biomechanics of growth, remodeling, and morphogenesis},
   year    = {1995},
   journal = {Applied Mechanics Reviews},
   volume  = {48},
   pages   = {487-546}
}

@article{paper::AmbrosiGandR,
   author  = {Ambrosi D.{,} Athesian G.A.{,} Arruda E.M.{,} Cowin S.C.{,} Dumais J.{,} Goriely A.{,} Holzapfel G.A.{,} Humphrey J.D.{,} Kemmener R.{,} Kuhl E.{,} Olberding J.E.{,} Taber L.A.{,} Garikipati K.},
   title   = {Perspectives on biological growth and remodeling},
   year    = {2011},
   journal = {Journal of the Mechanics and Physics and Solids},
   volume  = {59},
   pages   = {863-883}
}

@article{paper::ETHGandR,
   author  = {Chatziprodromou I.{,} Tricoli A.{,} Poulikakos D.{,} Ventikos Y.},
   title   = {Haemodynamics and wall remodelling of a growting cerebral aneurysm: a computational model},
   year    = {2007},
   journal = {Journal of Biomechanics},
   volume  = {40},
   pages   = {412-426}
}

@article{paper::WattonRemodeling,
   author  = {Watton P.N.{,} Ventikos Y.{,} Holzapfel G.A.},
   title   = {Modelling the growth and stabilization of cerebral aneurysms},
   year    = {2009},
   journal = {Mathematical Medicine and Biology},
   volume  = {26},
   pages   = {133-164}
}

@inproceedings{paper::BalzaniMicroscopic,
   author  = {Balzani D.{,} Schmidt T.{,} Schriefl T.{,} Holzapfel G.A.},
   title   = {Constitutive modeling of damage mechanisms in arterial walls and related experimental studies},
   year    = {2013},
   booktitle = {XLI APM Proceedings (Advanced Problems in Mechanics)},
   address = {St. Petersburg, Russia},
   pages   = {17-25}
}

@article{paper::Famaey,
   author  = {Famaey N.{,} Sommer G.{,} Stolen J.V.{,} Holzapfel G.A.},
   title   = {Arterial clamping: finite element simulation and in vivo validation},
   year    = {2012},
   journal = {Journal of the Mechanical Behavior of Biomedical Materials},
   volume  = {12},
   pages   = {107-118}
}

@article{paper::Image,
   author  = {Brisman J.L.{,} Song J.K.{,} Newell D.W.},
   title   = {Cerebral aneurysms},
   year    = {2006},
   journal = {The New England Journal of Medicine},
   volume  = {355},
   issue   = {9},
   pages   = {928-939}
}

@article{paper::2013Statistic,
   author  = {Caranci F.{,} Briganti F.{,} Cirillo L.{,} Leonardi M.{,} Muto M.},
   title   = {Epidemiology and genetics of intracranial aneurysms},
   year    = {2013},
   journal = {European Journal of Radiology},
   volume  = {82},
   pages   = {1598-1605}
}

@article{paper::AspectRatio,
   author  = {Wire B.{,} Amidei C.{,} Kongable G.{,} Findlay J.M.{,} Kassell N.F.{,} Kelly J.{,} Dai L.{,} Karrison T.G.},
   title   = {The aspect ratio (dome/neck) of ruptured and unruptured aneurysms},
   year    = {2003},
   journal = {Journal of Neurosurgery},
   volume  = {99},
   pages   = {447-451}
}

@article{paper::2009SizeAndLocation,
   author  = {Jeong Y.G.{,} Jung Y.T.{,} Kim M.S.{,} Eun C.K.{,} Jang S.H.},
   title   = {Size and location of ruptured intracranial aneurysms},
   year    = {2009},
   journal = {Journal of Korean Neurosurgical Society},
   volume  = {45},
   pages   = {11-15}
}

@article{paper::2012ReviewHemo,
   author  = {Jeong W.{,} Rhee K.},
   title   = {Hemodynamics of cerebral aneurysms: computational analyses of aneurysm progress and treatment},
   year    = {2012},
   journal = {Computational and Mathematics Methods in Medicine},
   volume  = {2012},
   pages   = {1-11}
}

@article{paper::Environment,
   author  = {San Mill\'an Ruiz D.{,} Yilmaz H.{,} Dehdahsti A.R.{,} Alimenti A.{,} de Tribolet N.{,} R\"ufenacht D.A.},
   title   = {The Perianeurysmal environment: influence on saccular aneurysm shape and rupture},
   year    = {2006},
   journal = {American Journal of Neuroradiology},
   volume  = {27},
   issue   = {3},
   pages   = {504-512}
}

@article{paper::Environment3,
   author  = {San Mill\'an Ruiz D.{,} Tokunaga K.{,} Dehdahsti A.R.{,} Sugia K.{,} Delavelle J.{,} R\"ufenacht D.A.},
   title   = {Is the rupture of cerebral berry aneurysms influenced by the perianeurysmal environment?},
   year    = {2002},
   journal = {Acta Neurochirurgica},
   volume  = {82},
   pages   = {31-34}
}

@article{paper::Nixon9,
   author  = {Nixon A.M.{,} Gunel M.{,} Sumpio B.E.},
   title   = {The critical role of hemodynamics in the development of cerebral vascular disease: a review},
   year    = {2010},
   journal = {Journal of Neurosurgery},
   volume  = {112},
   issue   = {6},
   pages   = {1240-1253}
}

@article{paper::53,
   author  = {Shojima M{,} Oshima Y.{,} Takagi K.},
   title   = {Magnitude and role of wall shear stress on cerebral aneurysm: computational fluid dynamic study on 20 middle cerebral artery aneurysms},
   year    = {2004},
   journal = {Stroke},
   volume  = {35},
   issue   = {11},
   pages   = {2500-2505}
}

@article{paper::56,
   author  = {Boussel L.{.} Rayz V.{,} McCulloch C.},
   title   = {Aneurysm growth occurs at regions of low wall shear stress: patient-specific correlation of hemodynamics and growth in a longitudinal study},
   year    = {2008},
   journal = {Stroke},
   volume  = {39},
   issue   = {11},
   pages   = {2997-3002}
}

@article{paper::18,
   author  = {Crompton M.R.},
   title   = {Mechanism of growth and rupture in cerebral berry aneurysms},
   year    = {1966},
   journal = {British Medical Journal},
   volume  = {1},
   pages   = {1138-1142}
}

@article{paper::52,
   author  = {Kassel N.F.{,} Torner J.C.},
   title   = {Size of intracranial aneurysms},
   year    = {1983},
   journal = {Neurosurgery},
   volume  = {12},
   pages   = {291-297}
}

@article{paper::Environment2,
   author  = {Sforza D.M.{,} Putman C.M.{,} Tateshima S.{,} Vi{\~n}uela F.{,} Cebral J.R.},
   title   = {The effects of perianeurysmal environment during the growth of cerebral aneurysms: a case study},
   year    = {2012},
   journal = {Americal Journal of Neuroradiology},
   volume  = {33},
   pages   = {1115-1120}
}

@article{paper::Steiger93,
   author  = {Steiger H.J.{,} Aaslid R.{,} Keller S.{,} Reulen H.J.},
   title   = {Strength, elasticity and viscoelastic properties of cerebral aneurysms},
   year    = {1986},
   journal = {Heart Vessels},
   volume  = {5},
   pages   = {41-46}
}

@article{paper::AntigaSforza,
   author  = {Lee S.W.{,} Antiga L.{,} Steinman D.A.},
   title   = {Correlations among indicators of disturbed flow at the normal carotid bifurcation},
   year    = {2009},
   journal = {Journal of Biomechanical Engineering},
   volume  = {131},
   pages   = {1-7}
}

@article{paper::Williamson,
   author  = {Williamson S.D.{,} Lam Y{,} Younis H.F.{,} Huang H.{,} Patel S.{,} Kaazempur-Mofrad M.R.{,} Kamm R.D{,}},
   title   = {On the sensitivity of wall stresses in diseased arteries to variable material properties},
   year    = {2003},
   journal = {Journal of Biomechanical Engineering},
   volume  = {125},
   pages   = {147-155}
}


@inproceedings{paper::ReviewDamage,
   author  = {Weisbecker H.{,} Pierce D.M.{,} Holzapfel G.A.},
   title   = {Modeling of damage-induced softening for arterial tissue},
   year    = {2011},
   booktitle = {Proceedings of the 2011 SCATh Joint Workshop on New Tecnologies for Computer/Robot Assisted Surgery},
   address = {Graz, Austria},
   pages   = {1-4}
}
